%% This BibTeX bibliography file was created using BibDesk.
%% http://bibdesk.sourceforge.net/

%% Saved with string encoding Western (Windows Latin 1) 
@INBOOK{dead_reckoning, 
author={Gerald Cook}, 
booktitle={Mobile Robots:Navigation, Control and Remote Sensing}, 
title={Robot Navigation}, 
year={2011}, 
volume={}, 
number={}, 
pages={324-}, 
keywords={}, 
doi={10.1002/9781118026403.ch4}, 
ISSN={}, 
publisher={Wiley-IEEE Press}, 
isbn={9781118026403}, 
url={http://ieeexplore.ieee.org/xpl/articleDetails.jsp?arnumber=6105649},}


@ONLINE{rndf_darpa,
author = {DARPA},
title = {Route Network Definition File (RNDF) and Mission Data File (MDF) Formats },
url = {https://www.grandchallenge.org/grandchallenge/docs/RNDF_MDF_Formats_031407.pdf}
}

@article{morgenstanleyreport,
	title={Autonomous cars: self-driving the new auto industry paradigm},
	author={Shanker, Ravi and Jonas, Adam and Devitt, Scott and Huberty, Katy and Flannery, Simon and Greene, William and Swinburne, Benjamin and Locraft, Gregory and Wood, Adam and Weiss, Keith and others},
	journal={Morgan Stanley Blue Paper, Morgan Stanley \& Co. LLC},
	year={2013}
}


@ONLINE{denmark_breaking,
	author = {Poul Greibe},
	title = {Braking Distance, friction and behavior},
	url = {http://www.trafitec.dk/sites/default/files/publications/braking%20distance%20-%20friction%20and%20driver%20behaviour.pdf}
}

@INPROCEEDINGS{accelerations_study, 
	author={Arpan Mehar and Satish Chandra and Senathipathi Velmurugan}, 
	booktitle={European Transport, 2013 - istiee.org}, 
	title={Speed and Acceleration Characteristics of Different Types of Vehicles on Multi-Lane Highways}, 
	year={2013},
	url = {http://www.istiee.org/te/papers/n55/et_2013_55_1_mehar.pdf}
}

@article{accelerations_study_2,
	title = "Acceleration-Deceleration Behaviour of Various Vehicle Types",
	journal = "Transportation Research Procedia",
	volume = "25",
	pages = "4733 - 4749",
	year = "2017",
	note = "World Conference on Transport Research - WCTR 2016 Shanghai. 10-15 July 2016",
	issn = "2352-1465",
	doi = "https://doi.org/10.1016/j.trpro.2017.05.486",
	url = "http://www.sciencedirect.com/science/article/pii/S2352146517307937",
	author = "P.S. Bokare and A.K. Maurya",
	keywords = "Acceleration, Deceleration, Dual Regime Models, Statistical Modelling"
}

@INPROCEEDINGS{rndf_fu,
author={P. Czerwionka and M. Wang and F. Wiesel},
booktitle={The 5th International Conference on Automation, Robotics and Applications},
title={Optimized route network graph as map reference for autonomous cars operating on German autobahn},
year={2011},
volume={},
number={},
pages={78-83},
keywords={automated highways;driver information systems;mobile robots;network theory (graphs);optimisation;path planning;road traffic;road vehicles;DARPA;German Autobahn;MadelnGermany cars;RNDFGraph;Spirit of Berlin cars;autonomous cars;autonomous vehicles;digital map graph;graph size reduction;highway tracks;map reference;optimization technique;optimized route network graph;path planning;real traffic conditions;route network definition file format;trajectory evaluation;urban transportation infrastructure;Interpolation;Joining processes;Optimization;Roads;Robots;Spline},
doi={10.1109/ICARA.2011.6144860},
ISSN={},
month={Dec},}

@phdthesis{eth_timing_constraints,
    title    = {Autonomous vehicle navigation in dynamic urban environments for increased traffic safety},
    school   = {ETH Zurich},
    author   = {Maček, Kristijan},
    year     = {2010},
    url      = {https://www.research-collection.ethz.ch/handle/20.500.11850/152571}, 
}

@INPROCEEDINGS{traj_planner_optimization, 
author={Wenda Xu and Junqing Wei and J. M. Dolan and Huijing Zhao and Hongbin Zha}, 
booktitle={2012 IEEE International Conference on Robotics and Automation}, 
title={A real-time motion planner with trajectory optimization for autonomous vehicles}, 
year={2012}, 
volume={}, 
number={}, 
pages={2061-2067}, 
keywords={computational complexity;iterative methods;mobile robots;optimisation;path planning;real-time systems;road vehicles;trajectory control;autonomous vehicles;computational complexity;cost functions;higher-quality solution;iterative optimization;real-time autonomous driving motion planner;resultant trajectory;trajectory optimization;trajectory quality;Acceleration;Optimization;Planning;Polynomials;Roads;Trajectory;Vehicles}, 
doi={10.1109/ICRA.2012.6225063}, 
ISSN={1050-4729}, 
month={May},}


@inproceedings{spatio_temporal_state_lattice,
 author = {Ziegler, Julius and Stiller, Christoph},
 title = {Spatiotemporal State Lattices for Fast Trajectory Planning in Dynamic On-road Driving Scenarios},
 booktitle = {Proceedings of the 2009 IEEE/RSJ International Conference on Intelligent Robots and Systems},
 series = {IROS'09},
 year = {2009},
 isbn = {978-1-4244-3803-7},
 location = {St. Louis, MO, USA},
 pages = {1879--1884},
 numpages = {6},
 url = {http://dl.acm.org/citation.cfm?id=1733023.1733053},
 acmid = {1733053},
 publisher = {IEEE Press},
 address = {Piscataway, NJ, USA},
} 

@INPROCEEDINGS{werling_frenet, 
author={M. Werling and J. Ziegler and S. Kammel and S. Thrun}, 
booktitle={2010 IEEE International Conference on Robotics and Automation}, 
title={Optimal trajectory generation for dynamic street scenarios in a Frenet Frame}, 
year={2010}, 
volume={}, 
number={}, 
pages={987-993}, 
keywords={collision avoidance;optimal control;road traffic;road vehicles;velocity control;Frenét frame;autonomous vehicles;dynamic highway scenario;dynamic street scenarios;following;high-speed highway scenario;holistic autonomous system;inner city scenario;merging;optimal trajectory generation;optimal-control strategy;reactive collision avoidance;safe handling;semi-reactive trajectory generation method;stopping;traffic-adapted trajectory;velocity keeping;Aerodynamics;Merging;Mobile robots;Remotely operated vehicles;Road transportation;Road vehicles;Robotics and automation;Traffic control;Trajectory;Vehicle dynamics}, 
doi={10.1109/ROBOT.2010.5509799}, 
ISSN={1050-4729}, 
month={May},}

@phdthesis{diss_shui_phd_thesis,
    title    = {State Lattice-based Motion Planning for Autonomous On-Road Driving },
    school   = {Freie Universität Berlin},
    author   = {Shuiying. Wang},
    year     = {2015},
}

@phdthesis{howard_phd,
	title    = {Adaptive model predictive motion planning for navigation in complex environments },
	school   = {Carnegie Mellon University},
	author   = {THOMAS M. HOWARD},
	year     = {2009},
}


@phdthesis{urbansafetyeth,
	title    = {Autonomous vehicle navigation in dynamic urban environments
	for increased traffic safety },
	school   = {ETH ZURICH},
	author   = {KRISTIJAN MACEK},
	year     = {201o},
}


@ARTICLE{real_time_traj_plan_article, 
author={X. Li and Z. Sun and D. Cao and Z. He and Q. Zhu}, 
journal={IEEE/ASME Transactions on Mechatronics}, 
title={Real-Time Trajectory Planning for Autonomous Urban Driving: Framework, Algorithms, and Verifications}, 
year={2016}, 
volume={21}, 
number={2}, 
pages={740-753}, 
keywords={collision avoidance;mobile robots;optimisation;road safety;road vehicles;splines (mathematics);autonomous urban driving;complex navigation problem;conjugate gradient nonlinear optimization algorithm;cubic B-spline curve;curvilinear coordinate framework;digital map;driving safety;dynamically feasible trajectory;hierarchical motion planning framework;high-level behavioral planner;longitudinal controller;longitudinal planning problem;optimal collision-free trajectory;real-time trajectory planning;real-time trajectory planning problem;realistic inner-city road;realistic urban environment;rough reference path;smooth trajectory;trajectory planning task;velocity profile generation;Optimization;Planning;Real-time systems;Roads;Trajectory;Vehicle dynamics;Vehicles;Autonomous urban driving;real-time trajectory planning;static obstacles and moving objects avoidance}, 
doi={10.1109/TMECH.2015.2493980}, 
ISSN={1083-4435}, 
month={April},}

@INPROCEEDINGS{volvo_reactive_traj, 
author={R. G. Cofield and R. Gupta}, 
booktitle={2016 IEEE Intelligent Vehicles Symposium (IV)}, 
title={Reactive Trajectory Planning and tracking for pedestrian-aware autonomous driving in urban environments}, 
year={2016}, 
volume={}, 
number={}, 
pages={747-754}, 
keywords={automobiles;mobile robots;path planning;pedestrians;road traffic control;trajectory control;autonomous car;integrated trajectory generation;online method;online planning;parameter constraint;pedestrian avoidance;pedestrian-aware autonomous driving;reactive constraint;reactive trajectory planning;reactive trajectory tracking;traffic regulations;urban environments;urban roads;Acceleration;Automobiles;Planning;Roads;Trajectory;Vehicle dynamics}, 
doi={10.1109/IVS.2016.7535471}, 
ISSN={}, 
month={June},}



@INPROCEEDINGS{Wangrobustand,
    author = {Joseph Kearney and Hongling Wang and Kendall Atkinson},
    title = {Robust and efficient computation of the closest point on a spline curve},
    booktitle = {In in Proc. 5th International Conference on Curves and Surfaces},
    year = {2002},
    pages = {397--406}
}


@INPROCEEDINGS{lengthparameterized,
    author = {Hongling Wang and Joseph Kearney and Kendall Atkinson},
    title = {Arc-length parameterized spline curves for real-time simulation},
    booktitle = {In in Proc. 5th International Conference on Curves and Surfaces},
    year = {2002},
    pages = {387--396}
}


@ARTICLE{curvilinear_System_Automated_Drv, 
author={J. Kim and K. Jo and W. Lim and M. Lee and M. Sunwoo}, 
journal={IEEE Transactions on Intelligent Transportation Systems}, 
title={Curvilinear-Coordinate-Based Object and Situation Assessment for Highly Automated Vehicles}, 
year={2015}, 
volume={16}, 
number={3}, 
pages={1559-1575}, 
keywords={cameras;intelligent transportation systems;road vehicles;state estimation;statistical distributions;camera;cubic Hermite spline lane model;curved road conditions;curvilinear coordinate conversion;curvilinear-coordinate-based object assessment;curvilinear-coordinate-based situation assessment;embedded system;error covariance;highly automated vehicles;lane assessment;lane information;probabilistic lane association;probability distribution;target state estimation;threat assessment;threat levels;Boolean functions;Data integration;Data structures;Radar tracking;Roads;Vehicles;Curvilinear coordinates;data fusion;intelligent vehicle;object detection and tracking;situation assessment}, 
doi={10.1109/TITS.2014.2369737}, 
ISSN={1524-9050}, 
month={June},}


@article{motion_planning_techniques,
title = "Real-time motion planning methods for autonomous on-road driving: State-of-the-art and future research directions",
journal = "Transportation Research Part C: Emerging Technologies",
volume = "60",
pages = "416 - 442",
year = "2015",
issn = "0968-090X",
doi = "https://doi.org/10.1016/j.trc.2015.09.011",
url = "http://www.sciencedirect.com/science/article/pii/S0968090X15003447",
author = "Christos Katrakazas and Mohammed Quddus and Wen-Hua Chen and Lipika Deka",
keywords = "Path planning, Obstacle detection, Trajectory planning, Autonomous vehicles, V2I"
}


@INPROCEEDINGS{ppt_teqniqs_coll_Avdnce, 
author={D. Madås and M. Nosratinia and M. Keshavarz and P. Sundström and R. Philippsen and A. Eidehall and K. M. Dahlén}, 
booktitle={2013 IEEE Intelligent Vehicles Symposium (IV)}, 
title={On path planning methods for automotive collision avoidance}, 
year={2013}, 
volume={}, 
number={}, 
pages={931-937}, 
keywords={automated highways;automobiles;braking;collision avoidance;constraint handling;lattice theory;predictive control;road safety;road traffic;search problems;splines (mathematics);trees (mathematics);ADAS;AEB system;LKA system;advanced driver assistance systems;automotive collision avoidance;autonomous emergency braking system;computational constraints;lane keeping aid system;maneuver optimality;model-predictive controller;obstacle avoidance;online maneuver generation;path planning methods;predictive constraint-based planning;safety function;spline-based search tree;state lattice planner;traffic situations;Acceleration;Lattices;Splines (mathematics);Trajectory;Vehicle dynamics;Vehicles},
doi={10.1109/IVS.2013.6629586}, 
ISSN={1931-0587}, 
month={June},}

@inproceedings{mit_rrt,
	title={A Robust Motion Planning Approach for Autonomous Driving in Urban Areas},
	author={Gaston A. Fiore and David L. Darmofal},
	year={2008}
}

@INPROCEEDINGS{unit_A_star, 
author={Z. Boroujeni and D. Goehring and F. Ulbrich and D. Neumann and R. Rojas}, 
booktitle={2017 IEEE International Conference on Vehicular Electronics and Safety (ICVES)}, 
title={Flexible unit A-star trajectory planning for autonomous vehicles on structured road maps}, 
year={2017}, 
volume={}, 
number={}, 
pages={7-12}, 
keywords={graph theory;optimal control;path planning;position control;road traffic control;road vehicles;trajectory control;Berlin;FU-A feasibility;FU-A reliability;Freie university;MadeInGermany;Tempelhof;autonomous vehicles;dynamic obstacle position;flexible unit A-star trajectory planning;optimal path planning algorithm;structured road maps;three-dimensional graph;trajectory planning approach;two-dimensional position;vehicle velocity;Automobiles;Autonomous automobiles;Heuristic algorithms;Planning;Roads;Trajectory;Vehicle dynamics}, 
doi={10.1109/ICVES.2017.7991893}, 
ISSN={}, 
month={June},}

@ARTICLE{lateral_splines, 
author={K. Chu and M. Lee and M. Sunwoo}, 
journal={IEEE Transactions on Intelligent Transportation Systems}, 
title={Local Path Planning for Off-Road Autonomous Driving With Avoidance of Static Obstacles}, 
year={2012}, 
volume={13}, 
number={4}, 
pages={1599-1616}, 
keywords={collision avoidance;off-road vehicles;Hyundai-Kia automotive group;Korea;autonomous vehicle competition;autonomous vehicle path planning;curvilinear coordinate system;local path planning;off-road autonomous driving;path consistency;path safety cost;path smoothness;real-time path-planning algorithm;static obstacle avoidance;Collision avoidance;Mobile robots;Path planning;Real-time systems;Autonomous vehicle;nonholonomic constraints;obstacle avoidance;real-time path planning;static obstacles}, 
doi={10.1109/TITS.2012.2198214}, 
ISSN={1524-9050}, 
month={Dec},}

@phdthesis{cmu_parallel_thesis,
    title    = {Parallel Algorithms for Real-time Motion Planning},
    school   = {Carnegie Mellon University},
    author   = {Matthew McNaughton},
    year     = {2011}, 
}

@phdthesis{graff_thesis,
	title    = {Programming and Managing Swarms of Mobile Robots:A Systemic Approach},
	school   = {Technischen Universitat Berlin},
	author   = {Daniel Graff},
	year     = {2016}, 
}

@phdthesis{kolski_thesis,
    title    = {Autonomous Driving in Dynamic Environments},
    school   = {ÉCOLE POLYTECHNIQUE FÉDÉRALE DE LAUSANNE},
    author   = {Sascha Kolski},
    year     = {2008}, 
}

@book{darpa_urban_challenge,
	author = {Buehler, Martin and Iagnemma, Karl and Singh, Sanjiv},
	title = {The DARPA Urban Challenge: Autonomous Vehicles in City Traffic},
	year = {2009},
	isbn = {3642039901, 9783642039904},
	edition = {1st},
	publisher = {Springer Publishing Company, Incorporated},
}

@article{mobile_eye_safety_distance,
  author    = {Shai Shalev{-}Shwartz and
               Shaked Shammah and
               Amnon Shashua},
  title     = {On a Formal Model of Safe and Scalable Self-driving Cars},
  journal   = {CoRR},
  volume    = {abs/1708.06374},
  year      = {2017},
  url       = {http://arxiv.org/abs/1708.06374},
  archivePrefix = {arXiv},
  eprint    = {1708.06374},
  timestamp = {Tue, 05 Sep 2017 10:03:46 +0200},
  biburl    = {http://dblp.org/rec/bib/journals/corr/abs-1708-06374},
  bibsource = {dblp computer science bibliography, http://dblp.org}
}

@INPROCEEDINGS{rrt_star, 
author={L. Garrote and C. Premebida and M. Silva and U. Nunes}, 
booktitle={2014 12th IEEE International Conference on Industrial Informatics (INDIN)}, 
title={An RRT-based navigation approach for mobile robots and automated vehicles}, 
year={2014}, 
volume={}, 
number={}, 
pages={326-331}, 
keywords={collision avoidance;industrial robots;mobile robots;navigation;object detection;object tracking;remotely operated vehicles;robot vision;safety;trees (mathematics);RRT-based dynamic path planning controller;RRT-based navigation approach;automated vehicles;autonomous navigation;autonomous vehicles;collision detection;laser-based object detection;manufacturing environment;mobile robots;natural-landmark based localization;object tracking;path-following controller;rapidly exploring random trees;safety issues;semistructured environment;virtual environment;Collision avoidance;Mobile robots;Navigation;Path planning;Safety;Vehicle dynamics;Vehicles}, 
doi={10.1109/INDIN.2014.6945533}, 
ISSN={1935-4576}, 
month={July},}

@conference{traj_smoothing,
author = {Tianyu Gu and John M. Dolan and Jin-Woo Lee},
title = {On-Road Trajectory Planning for General Autonomous Driving with Enhanced Tunability},
booktitle = {Proceedings of the 13th International Conference on Intelligent Autonomous Systems (IAS-13)},
year = {2014},
month = {July},
editor = {(eds.: E. Menegatti, N. Michael, K. Berns, H. Yamaguchi), Springer Verlag, ISBN 978-3-319-08337-7},
keywords = {On-Road Motion planning, Autonomous Passenger Vehicle},
}

@book{book_robot_motion_planning,
	author = {Latombe, Jean-Claude},
	title = {Robot Motion Planning},
	year = {1991},
	isbn = {079239206X},
	publisher = {Kluwer Academic Publishers},
	address = {Norwell, MA, USA},
}

@book{book_lavelle_planning,
	author = {LaValle, Steven M.},
	title = {Planning Algorithms},
	year = {2006},
	isbn = {0521862051},
	publisher = {Cambridge University Press},
	address = {New York, NY, USA},
}

@conference{lattice_Gu_Tiyanu,
	author = {Tianyu Gu and John M. Dolan},
	title = {On-Road Motion Planning for Autonomous Vehicles},
	booktitle = {Proceedings of the 5th International Conference on Intelligent Robotics and Applications (ICIRA 2012)},
	year = {2012},
	month = {October},
	pages = {588-597},
}

@INPROCEEDINGS{rrt_urban_driv, 
	author={Y. Kuwata and G. A. Fiore and J. Teo and E. Frazzoli and J. P. How}, 
	booktitle={2008 IEEE/RSJ International Conference on Intelligent Robots and Systems}, 
	title={Motion planning for urban driving using RRT}, 
	year={2008}, 
	volume={}, 
	number={}, 
	pages={1681-1686}, 
	keywords={mobile robots;path planning;tree searching;MIT DARPA Urban Challenge vehicle;motion planning;rapidly-exploring random trees algorithm;robotic vehicles;urban driving;Heuristic algorithms;Meteorology;Planning;Roads;Robots;Trajectory;Vehicles}, 
	doi={10.1109/IROS.2008.4651075}, 
	ISSN={2153-0858}, 
	month={Sept},}

@ARTICLE{review_motion_planning_techniques, 
	author={D. González and J. Pérez and V. Milanés and F. Nashashibi}, 
	journal={IEEE Transactions on Intelligent Transportation Systems}, 
	title={A Review of Motion Planning Techniques for Automated Vehicles}, 
	year={2016}, 
	volume={17}, 
	number={4}, 
	pages={1135-1145}, 
	keywords={collision avoidance;intelligent transportation systems;road safety;sensors;VRU;automated vehicles;comfort;communication network systems;cooperative maneuvers;dynamic environments;energy optimization;intelligent vehicles;motion planning technique;obstacle avoidance capabilities;onboard sensors;safety;scene information;vulnerable road users;Lattices;Path planning;Planning;Robots;Vehicle dynamics;Vehicles;Motion planning;automated vehicles;intelligent transportation systems;path planning}, 
	doi={10.1109/TITS.2015.2498841}, 
	ISSN={1524-9050}, 
	month={April},}

@ARTICLE{prometheus, 
	author={R. Behringer and N. Muller}, 
	journal={IEEE Transactions on Robotics and Automation}, 
	title={Autonomous road vehicle guidance from autobahnen to narrow curves}, 
	year={1998}, 
	volume={14}, 
	number={5}, 
	pages={810-815}, 
	keywords={mobile robots;road vehicles;robot vision;autobahn;autobahnen;autonomous road vehicle guidance;computer vision;narrow curves;Application software;Computer vision;Hardware;Machine vision;Mobile robots;Navigation;Remotely operated vehicles;Road vehicles;Robot vision systems;Testing}, 
	doi={10.1109/70.720356}, 
	ISSN={1042-296X}, 
	month={Oct},}

@ARTICLE{potential_field_1, 
	author={Y. Rasekhipour and A. Khajepour and S. K. Chen and B. Litkouhi}, 
	journal={IEEE Transactions on Intelligent Transportation Systems}, 
	title={A Potential Field-Based Model Predictive Path-Planning Controller for Autonomous Road Vehicles}, 
	year={2017}, 
	volume={18}, 
	number={5}, 
	pages={1255-1267}, 
	keywords={collision avoidance;mobile robots;optimal control;predictive control;road vehicles;vehicle dynamics;CarSim vehicle model;arbitrary function;artificial potential field method;autonomous road vehicles;optimal controllers;optimal path-planning controller;potential field-based model predictive path-planning controller;road boundaries;road regulations;vehicle dynamics;vehicle stability;Collision avoidance;Optimal control;Path planning;Predictive models;Roads;Vehicle dynamics;Vehicles;Path planning;artificial potential field;autonomous vehicles;model predictive control;road vehicles;vehicle dynamics and control}, 
	doi={10.1109/TITS.2016.2604240}, 
	ISSN={1524-9050}, 
	month={May},}

@article{potential_field_2,
	author    = {Xi Xiong and
	Jianqiang Wang and
	Fang Zhang and
	Keqiang Li},
	title     = {Combining Deep Reinforcement Learning and Safety Based Control for
	Autonomous Driving},
	journal   = {CoRR},
	volume    = {abs/1612.00147},
	year      = {2016},
	url       = {http://arxiv.org/abs/1612.00147},
	archivePrefix = {arXiv},
	eprint    = {1612.00147},
	timestamp = {Wed, 07 Jun 2017 14:43:03 +0200},
	biburl    = {https://dblp.org/rec/bib/journals/corr/XiongWZL16},
	bibsource = {dblp computer science bibliography, https://dblp.org}
}

@INPROCEEDINGS{potential_field_3, 
	author={Y. Koren and J. Borenstein}, 
	booktitle={Proceedings. 1991 IEEE International Conference on Robotics and Automation}, 
	title={Potential field methods and their inherent limitations for mobile robot navigation}, 
	year={1991}, 
	volume={}, 
	number={}, 
	pages={1398-1404 vol.2}, 
	keywords={computerised navigation;mobile robots;position control;computerised navigation;mobile robot;obstacle avoidance;potential field methods;sampling time;vector field histogram;Differential equations;Force sensors;Heart;Histograms;Manipulators;Mechanical engineering;Mobile robots;Navigation;Robot kinematics;Vehicles}, 
	doi={10.1109/ROBOT.1991.131810}, 
	ISSN={}, 
	month={Apr},}

@InProceedings{D_star_1,
	author="Ferguson, Dave
	and Stentz, Anthony",
	editor="Thrun, Sebastian
	and Brooks, Rodney
	and Durrant-Whyte, Hugh",
	title="Field D*: An Interpolation-Based Path Planner and Replanner",
	booktitle="Robotics Research",
	year="2007",
	publisher="Springer Berlin Heidelberg",
	address="Berlin, Heidelberg",
	pages="239--253",
	abstract="We present an interpolation-based planning and replanning algorithm for generating direct, low-cost paths through nonuniform cost grids. Most grid-based path planners use discrete state transitions that artificially constrain an agent's motion to a small set of possible headings (e.g. 0,                                                                           {\$}{\$}{\backslash}frac{\{}{\backslash}pi {\}}{\{}4{\}},{\backslash}frac{\{}{\backslash}pi {\}}{\{}2{\}}{\$}{\$}                , etc). As a result, even `optimal' grid-based planners produce unnatural, suboptimal paths. Our approach uses linear interpolation during planning to calculate accurate path cost estimates for arbitrary positions within each grid cell and to produce paths with a range of continuous headings. Consequently, it is particularly well suited to planning low-cost trajectories for mobile robots. In this paper, we introduce the algorithm and present a number of example applications and results.",
	isbn="978-3-540-48113-3"
}

@inproceedings{A_star,
	author = {Likhachev, Maxim and Ferguson, Dave and Gordon, Geoff and Stentz, Anthony and Thrun, Sebastian},
	title = {Anytime Dynamic A*: An Anytime, Replanning Algorithm},
	booktitle = {Proceedings of the Fifteenth International Conference on International Conference on Automated Planning and Scheduling},
	series = {ICAPS'05},
	year = {2005},
	isbn = {1-57735-220-3},
	location = {Monterey, California, USA},
	pages = {262--271},
	numpages = {10},
	url = {http://dl.acm.org/citation.cfm?id=3037062.3037096},
	acmid = {3037096},
	publisher = {AAAI Press},
} 

@ARTICLE{survey_planning_techniques, 
	author={B. Paden and M. Čáp and S. Z. Yong and D. Yershov and E. Frazzoli}, 
	journal={IEEE Transactions on Intelligent Vehicles}, 
	title={A Survey of Motion Planning and Control Techniques for Self-Driving Urban Vehicles}, 
	year={2016}, 
	volume={1}, 
	number={1}, 
	pages={33-55}, 
	keywords={feedback;mobile robots;motion control;path planning;pedestrians;road safety;road vehicles;automotive transportation accessibility;automotive transportation efficiency;control algorithms;dynamic environment;feedback control;motion control;motion planning;pedestrians;safety enhancement;safety-critical tasks;self-driving urban vehicles;vehicle mobility model;Autonomous automobiles;Decision making;Feedback control;Intelligent vehicles;Motion planning;Path planning;Trajectory}, 
	doi={10.1109/TIV.2016.2578706}, 
	ISSN={2379-8858}, 
	month={March},}

@TECHREPORT{Lavalle_rrt,
	author = {Steven M. Lavalle},
	title = {Rapidly-Exploring Random Trees: A New Tool for Path Planning},
	institution = {},
	year = {1998},
	url = {http://msl.cs.illinois.edu/~lavalle/papers/Lav98c.pdf}
}

@MISC{prm,
	author = {Lydia E. Kavraki and Jean-Claude Latombe},
	title = {Probabilistic Roadmaps for Robot Path Planning},
	year = {1998}
}

@article{rrt_higher_dimension,
	author    = {Marios Xanthidis and
	Ioannis M. Rekleitis and
	Jason M. O'Kane},
	title     = {{RRT+} : Fast Planning for High-Dimensional Configuration Spaces},
	journal   = {CoRR},
	volume    = {abs/1612.07333},
	year      = {2016},
	url       = {http://arxiv.org/abs/1612.07333},
	archivePrefix = {arXiv},
	eprint    = {1612.07333},
	timestamp = {Wed, 07 Jun 2017 14:43:12 +0200},
	biburl    = {https://dblp.org/rec/bib/journals/corr/XanthidisRO16},
	bibsource = {dblp computer science bibliography, https://dblp.org}
}

@ARTICLE{mit_rrt, 
	author={Y. Kuwata and J. Teo and G. Fiore and S. Karaman and E. Frazzoli and J. P. How}, 
	journal={IEEE Transactions on Control Systems Technology}, 
	title={Real-Time Motion Planning With Applications to Autonomous Urban Driving}, 
	year={2009}, 
	volume={17}, 
	number={5}, 
	pages={1105-1118}, 
	keywords={closed loop systems;mobile robots;path planning;random processes;real-time systems;road safety;road vehicles;trees (mathematics);uncertain systems;MIT entry;autonomous urban driving;autonomous vehicle;closed-loop prediction;control software;random tree approach;real-time motion planning algorithm;safety requirement;uncertain operating environment;Autonomous;DARPA urban challenge;dynamic and uncertain environment;rapidly-exploring random tree (RRT);real-time motion planning;urban driving}, 
	doi={10.1109/TCST.2008.2012116}, 
	ISSN={1063-6536}, 
	month={Sept},}

ARTICLE{rrt_star,
	author = {Sertac Karaman and Emilio Frazzoli},
	title = {Sampling-based algorithms for optimal motion planning},
	journal = {International Journal of Robotics Research (IJRR},
	year = {},
	pages = {2011}
}

@article{informed_rrt,
	author    = {Jonathan D. Gammell and
	Siddhartha S. Srinivasa and
	Timothy D. Barfoot},
	title     = {Informed RRT*: Optimal Incremental Path Planning Focused through an
	Admissible Ellipsoidal Heuristic},
	journal   = {CoRR},
	volume    = {abs/1404.2334},
	year      = {2014},
	url       = {http://arxiv.org/abs/1404.2334},
	archivePrefix = {arXiv},
	eprint    = {1404.2334},
	timestamp = {Wed, 07 Jun 2017 14:40:22 +0200},
	biburl    = {https://dblp.org/rec/bib/journals/corr/GammellSB14},
	bibsource = {dblp computer science bibliography, https://dblp.org}
}

@INPROCEEDINGS{birrt, 
	author={J. J. Kuffner and S. M. LaValle}, 
	booktitle={Proceedings 2000 ICRA. Millennium Conference. IEEE International Conference on Robotics and Automation. Symposia Proceedings (Cat. No.00CH37065)}, 
	title={RRT-connect: An efficient approach to single-query path planning}, 
	year={2000}, 
	volume={2}, 
	number={}, 
	pages={995-1001 vol.2}, 
	keywords={computational geometry;path planning;robots;search problems;3D workspace;6-DOF PUMA arm;7-DOF kinematic chain;RRT-connect;automatic graphic animation;collision-free grasping;collision-free manipulation;collision-free motions;high-dimensional configuration spaces;human arm;randomized algorithm;rapidly-exploring random trees;rigid objects;simple greedy heuristic;single-query path planning;Algorithm design and analysis;Animation;Buildings;Computer science;Humans;Kinematics;Path planning;Robotic assembly;Space exploration;Tree graphs}, 
	doi={10.1109/ROBOT.2000.844730}, 
	ISSN={1050-4729}, 
	month={},}

@INPROCEEDINGS{egrrt, 
	author={L. Jaillet and J. Hoffman and J. van den Berg and P. Abbeel and J. M. Porta and K. Goldberg}, 
	booktitle={2011 IEEE/RSJ International Conference on Intelligent Robots and Systems}, 
	title={EG-RRT: Environment-guided random trees for kinodynamic motion planning with uncertainty and obstacles}, 
	year={2011}, 
	volume={}, 
	number={}, 
	pages={2646-2652}, 
	keywords={collision avoidance;linear quadratic Gaussian control;mobile robots;robot dynamics;sampling methods;trees (mathematics);EG-RRT;LQG-MP framework;collision probability estimation;environment-guided random trees;kinodynamic motion planning;kinodynamic robot systems;obstacle avoidance;sampling-based robot motion planning methods;Dynamics;Measurement;Planning;Robot sensing systems;Uncertainty}, 
	doi={10.1109/IROS.2011.6094802}, 
	ISSN={2153-0858}, 
	month={Sept},}

@INPROCEEDINGS{anytimerrt, 
	author={S. Karaman and M. R. Walter and A. Perez and E. Frazzoli and S. Teller}, 
	booktitle={2011 IEEE International Conference on Robotics and Automation}, 
	title={Anytime Motion Planning using the RRT*}, 
	year={2011}, 
	volume={}, 
	number={}, 
	pages={1478-1483}, 
	keywords={Monte Carlo methods;mobile robots;path planning;real-time systems;tree data structures;tree searching;Monte Carlo method;RRT algorithm;branch-and-bound tree adaptation;incremental sampling;motion planning;outdoor wheeled robotic vehicle;rapidly-exploring random tree algorithm;Heuristic algorithms;Mobile robots;Planning;Trajectory;Vehicle dynamics;Vehicles}, 
	doi={10.1109/ICRA.2011.5980479}, 
	ISSN={1050-4729}, 
	month={May},}

@inproceedings{rrtx,
	title={RRTX: Real-Time Motion Planning/Replanning for Environments with Unpredictable Obstacles},
	author={Michael W. Otte and Emilio Frazzoli},
	booktitle={WAFR},
	year={2014}
}


@INPROCEEDINGS{improved_rrt, 
	author={M. Du and J. Chen and P. Zhao and H. Liang and Y. Xin and T. Mei}, 
	booktitle={2014 IEEE International Conference on Robotics and Automation (ICRA)}, 
	title={An improved RRT-based motion planner for autonomous vehicle in cluttered environments}, 
	year={2014}, 
	volume={}, 
	number={}, 
	pages={4674-4679}, 
	keywords={remotely operated vehicles;trajectory control;trees (mathematics);Bi-RRT planner;autonomous vehicle;basic RRT planner;cluttered environment;improved RRT-based motion planner;obstacle-based extension operation;rapidly-exploring random trees;trajectory generation;trajectory optimization;Algorithm design and analysis;Heuristic algorithms;Manufacturing;Mobile robots;Planning;Vehicles}, 
	doi={10.1109/ICRA.2014.6907542}, 
	ISSN={1050-4729}, 
	month={May},}

@article{lattice_1,
	title={Efficiently using cost maps for planning complex maneuvers},
	author={Ferguson, Dave and Likhachev, Maxim},
	journal={Lab Papers (GRASP)},
	pages={20},
	year={2008}
}

@INPROCEEDINGS{lattice_2, 
	author={M. Rufli and R. Siegwart}, 
	booktitle={2010 IEEE International Conference on Robotics and Automation}, 
	title={On the design of deformable input- / state-lattice graphs}, 
	year={2010}, 
	volume={}, 
	number={}, 
	pages={3071-3077}, 
	keywords={bicycles;graph theory;road vehicles;robot kinematics;bicycles;car-like vehicles;deformable input-state-lattice graph design;differential-drive robots;kinematic model;lattice design algorithm;lattice-based planning approach;unicycles;Algorithm design and analysis;Intelligent robots;Lattices;Motion planning;Roads;Robot kinematics;Robotics and automation;Shape control;Smoothing methods;Vehicle dynamics;Non-holonomic motion planning;deformable input- / state-lattice}, 
	doi={10.1109/ROBOT.2010.5509350}, 
	ISSN={1050-4729}, 
	month={May},}

@ARTICLE{juniorstanford,
	AUTHOR	= {M. Montemerlo and J. Becker and S. Bhat and H. Dahlkamp 
	and D. Dolgov and S. Ettinger and D. Haehnel and 
	T. Hilden and G. Hoffmann and B. Huhnke and D. Johnston 
	and S. Klumpp and D. Langer and A. Levandowski and 
	J. Levinson and J. Marcil and D. Orenstein and 
	J. Paefgen and I. Penny and A. Petrovskaya and 
	M. Pflueger and G. Stanek and D. Stavens and A. Vogt 
	and S. Thrun},
	TITLE		= {Junior: The Stanford Entry in the Urban Challenge},
	JOURNAL	= {Journal of Field Robotics},
	VOLUME	= {},
	NUMBER	= {},
	PAGES		= {},
	YEAR          = {2008}
}

@article{Broggi2012,
	title={Autonomous vehicles control in the VisLab Intercontinental Autonomous Challenge},
	author={Alberto Broggi and Paolo Medici and Paolo Zani and Alessandro Coati and Matteo Panciroli},
	journal={Annual Reviews in Control},
	year={2012},
	volume={36},
	pages={161-171}
}

@INPROCEEDINGS{partialmotionplanning, 
	author={R. Benenson and S. Petti and T. Fraichard and M. Parent}, 
	booktitle={2006 IEEE/RSJ International Conference on Intelligent Robots and Systems}, 
	title={Integrating Perception and Planning for Autonomous Navigation of Urban Vehicles}, 
	year={2006}, 
	volume={}, 
	number={}, 
	pages={98-104}, 
	keywords={SLAM (robots);automobiles;geometry;mobile robots;motion control;path planning;position control;safety;autonomous navigation;car-like robot;heterogeneous geometry;integrating perception;motion safety;planning;urban vehicles;Intelligent robots;Kinematics;Mobile robots;Motion planning;Navigation;Remotely operated vehicles;Safety;Simultaneous localization and mapping;Urban planning;Vehicle dynamics}, 
	doi={10.1109/IROS.2006.281806}, 
	ISSN={2153-0858}, 
	month={Oct},}

@article{reedsshepp,
	title={Optimal paths for a car that goes both forwards and backwards},
	author={Reeds, James and Shepp, Lawrence},
	journal={Pacific journal of mathematics},
	volume={145},
	number={2},
	pages={367--393},
	year={1990},
	publisher={Mathematical Sciences Publishers}
}


@ONLINE{whoaccidents,
	author = {WHO Report},
	title = {Road traffic injuries},
	month = Jan,
	year = {2018},
	url = {http://www.who.int/mediacentre/factsheets/fs358/en/}
}


@ONLINE{singaporebanscars,
	author = {News Report},
	title = {Singapore: no more cars allowed on the road},
	year = {2018},
	url = {https://www.theguardian.com/world/2017/oct/24/singapore-no-more-cars-allowed-on-the-road-government-says}
}
@article{citycongestion,
	title={Is there more traffic congestion in larger cities?-Scaling analysis of the 101 largest US urban centers},
	author={Chang, Yu Sang and Lee, Yong Joo and Choi, Sung Sup Brian},
	journal={Transport Policy},
	volume={59},
	pages={54--63},
	year={2017},
	publisher={Elsevier}
}

\iffalse

\fi
